<?xml version="1.0" encoding="UTF-8"?><collection xmlns="http://www.loc.gov/MARC21/slim"><record><leader>00768nam--2200205-i-4500</leader><controlfield tag="001">000030055</controlfield><controlfield tag="002">20161230</controlfield><controlfield tag="005">20161230201038</controlfield><controlfield tag="008">060222s1000------------r-----000-0-eng-d</controlfield><datafield ind1=" " ind2=" " tag="020"><subfield code="a">9200106781</subfield></datafield><datafield ind1=" " ind2=" " tag="040"><subfield code="a">IFIN-HH</subfield></datafield><datafield ind1=" " ind2=" " tag="080"><subfield code="a">539.12.04:577.3:57.088.6(061.3)</subfield></datafield><datafield ind1="1" ind2=" " tag="110"><subfield code="a">International Atomic Energy Agency</subfield></datafield><datafield ind1="1" ind2="0" tag="245"><subfield code="a">Late biological effects of ionizing radiation</subfield><subfield code="b">Proceedings of the symposium on the late biological effects of ionizing radiation held by the international atomic energy agency in vienna, 13-17 march 1978</subfield></datafield><datafield ind1=" " ind2=" " tag="260"><subfield code="a">Vienna, I, 1978, 592p</subfield><subfield code="b">International Atomic Energy Agency</subfield><subfield code="c">1978</subfield></datafield><datafield ind1=" " ind2=" " tag="300"><subfield code="a">IN TWO VOLUMES</subfield></datafield><datafield ind1=" " ind2=" " tag="490"><subfield code="a">Proceedings Series</subfield></datafield><datafield ind1="1" ind2=" " tag="787"><subfield code="a">Volume Ii</subfield><subfield code="h">592p</subfield></datafield><datafield ind1=" " ind2=" " tag="852"><subfield code="a">45894</subfield><subfield code="c">539.12.04</subfield></datafield><datafield ind1=" " ind2=" " tag="CAT"><subfield code="a">Sys</subfield><subfield code="c">20120209</subfield><subfield code="h">093058</subfield></datafield></record></collection>